@article{boneh2018survey,
  title={A Survey of Two Verifiable Delay Functions.},
  author={Boneh, Dan and B{\"u}nz, Benedikt and Fisch, Ben},
  journal={IACR Cryptol. ePrint Arch.},
  volume={2018},
  pages={712},
  year={2018}
}
@inproceedings{boneh2018verifiable,
  title={Verifiable delay functions},
  author={Boneh, Dan and Bonneau, Joseph and B{\"u}nz, Benedikt and Fisch, Ben},
  booktitle={Annual international cryptology conference},
  pages={757--788},
  year={2018},
  organization={Springer}
}
@inproceedings{pietrzak2018simple,
  title={Simple verifiable delay functions},
  author={Pietrzak, Krzysztof},
  booktitle={10th innovations in theoretical computer science conference (itcs 2019)},
  year={2018},
  organization={Schloss Dagstuhl-Leibniz-Zentrum fuer Informatik}
}
@inproceedings{wesolowski2019efficient,
  title={Efficient verifiable delay functions},
  author={Wesolowski, Benjamin},
  booktitle={Annual International Conference on the Theory and Applications of Cryptographic Techniques},
  pages={379--407},
  year={2019},
  organization={Springer}
}
@article{rivest1996time,
  title={Time-lock puzzles and timed-release crypto},
  author={Rivest, Ronald L and Shamir, Adi and Wagner, David A},
  year={1996},
  publisher={Massachusetts Institute of Technology. Laboratory for Computer Science}
}
@inproceedings{feldman1987practical,
  title={A practical scheme for non-interactive verifiable secret sharing},
  author={Feldman, Paul},
  booktitle={28th Annual Symposium on Foundations of Computer Science (sfcs 1987)},
  pages={427--438},
  year={1987},
  organization={IEEE}
}
@inproceedings{pedersen1991threshold,
  title={A threshold cryptosystem without a trusted party},
  author={Pedersen, Torben Pryds},
  booktitle={Workshop on the Theory and Application of of Cryptographic Techniques},
  pages={522--526},
  year={1991},
  organization={Springer}
}
@inproceedings{gennaro1999secure,
  title={Secure distributed key generation for discrete-log based cryptosystems},
  author={Gennaro, Rosario and Jarecki, Stanis{\l}aw and Krawczyk, Hugo and Rabin, Tal},
  booktitle={International Conference on the Theory and Applications of Cryptographic Techniques},
  pages={295--310},
  year={1999},
  organization={Springer}
}
@article{gennaro3revisiting,
  title={Revisiting the distributed key generation for discrete-log based Cryptosystems},
  author={Gennaro, Rosario and Jarecki, Stanislaw and Krawczyk, Hugo and Rabin, Tal},
  journal={RSA Securityâ€™03}
}
@inproceedings{dodis2005verifiable,
  title={A verifiable random function with short proofs and keys},
  author={Dodis, Yevgeniy and Yampolskiy, Aleksandr},
  booktitle={International Workshop on Public Key Cryptography},
  pages={416--431},
  year={2005},
  organization={Springer}
}
@inproceedings{micali1999verifiable,
  title={Verifiable random functions},
  author={Micali, Silvio and Rabin, Michael and Vadhan, Salil},
  booktitle={40th annual symposium on foundations of computer science (cat. No. 99CB37039)},
  pages={120--130},
  year={1999},
  organization={IEEE}
}
@article{hanke2018dfinity,
  title={Dfinity technology overview series, consensus system},
  author={Hanke, Timo and Movahedi, Mahnush and Williams, Dominic},
  journal={arXiv preprint arXiv:1805.04548},
  year={2018}
}
@article{schindler2019ethdkg,
  title={ETHDKG: Distributed Key Generation with Ethereum Smart Contracts.},
  author={Schindler, Philipp and Judmayer, Aljosha and Stifter, Nicholas and Weippl, Edgar R},
  journal={IACR Cryptol. ePrint Arch.},
  volume={2019},
  pages={985},
  year={2019}
}
@inproceedings{schoenmakers1999simple,
  title={A simple publicly verifiable secret sharing scheme and its application to electronic voting},
  author={Schoenmakers, Berry},
  booktitle={Annual International Cryptology Conference},
  pages={148--164},
  year={1999},
  organization={Springer}
}
@inproceedings{syta2017scalable,
  title={Scalable bias-resistant distributed randomness},
  author={Syta, Ewa and Jovanovic, Philipp and Kogias, Eleftherios Kokoris and Gailly, Nicolas and Gasser, Linus and Khoffi, Ismail and Fischer, Michael J and Ford, Bryan},
  booktitle={2017 IEEE Symposium on Security and Privacy (SP)},
  pages={444--460},
  year={2017},
  organization={Ieee}
}
@inproceedings{cascudo2017scrape,
  title={SCRAPE: Scalable randomness attested by public entities},
  author={Cascudo, Ignacio and David, Bernardo},
  booktitle={International Conference on Applied Cryptography and Network Security},
  pages={537--556},
  year={2017},
  organization={Springer}
}
@inproceedings{schindler2020hydrand,
  title={Hydrand: Efficient continuous distributed randomness},
  author={Schindler, Philipp and Judmayer, Aljosha and Stifter, Nicholas and Weippl, Edgar},
  booktitle={2020 IEEE Symposium on Security and Privacy (SP)},
  pages={73--89},
  year={2020},
  organization={IEEE}
}
@inproceedings{kate2010constant,
  title={Constant-size commitments to polynomials and their applications},
  author={Kate, Aniket and Zaverucha, Gregory M and Goldberg, Ian},
  booktitle={International conference on the theory and application of cryptology and information security},
  pages={177--194},
  year={2010},
  organization={Springer}
}
@article{galindo2020fully,
  title={Fully Distributed Verifiable Random Functions and their Application to Decentralised Random Beacons.},
  author={Galindo, David and Liu, Jia and Ordean, Mihai and Wong, Jin-Mann},
  journal={IACR Cryptol. ePrint Arch.},
  volume={2020},
  pages={96},
  year={2020}
}
@inproceedings{boneh2000timed,
  title={Timed commitments},
  author={Boneh, Dan and Naor, Moni},
  booktitle={Annual international cryptology conference},
  pages={236--254},
  year={2000},
  organization={Springer}
}
@article{schindler2021randrunner,
  title={Randrunner: Distributed randomness from trapdoor vdfs with strong uniqueness},
  author={Schindler, Philipp and Judmayer, Aljosha and Hittmeir, Markus and Stifter, Nicholas and Weippl, Edgar},
  year={2021}
}
@article{bhat2020randpiper,
  title={RandPiper-Reconfiguration-Friendly Random Beacons with Quadratic Communication.},
  author={Bhat, Adithya and Shrestha, Nibesh and Kate, Aniket and Nayak, Kartik},
  journal={IACR Cryptol. ePrint Arch.},
  volume={2020},
  pages={1590},
  year={2020}
}
@article{bonneau2015bitcoin,
  title={On Bitcoin as a public randomness source.},
  author={Bonneau, Joseph and Clark, Jeremy and Goldfeder, Steven},
  journal={IACR Cryptol. ePrint Arch.},
  volume={2015},
  pages={1015},
  year={2015}
}
@article{cherniaeva2019homomorphic,
  title={Homomorphic Encryption Random Beacon.},
  author={Cherniaeva, Alisa and Shirobokov, Ilia and Shlomovits, Omer},
  journal={IACR Cryptol. ePrint Arch.},
  volume={2019},
  pages={1320},
  year={2019}
}
@article{das2021spurt,
  title={SPURT: Scalable Distributed Randomness Beacon with Transparent Setup.},
  author={Das, Sourav and Krishnan, Vinith and Isaac, Irene Miriam and Ren, Ling},
  journal={IACR Cryptol. ePrint Arch.},
  volume={2021},
  pages={100},
  year={2021}
}
@article{cachin2005random,
  title={Random oracles in Constantinople: Practical asynchronous Byzantine agreement using cryptography},
  author={Cachin, Christian and Kursawe, Klaus and Shoup, Victor},
  journal={Journal of Cryptology},
  volume={18},
  number={3},
  pages={219--246},
  year={2005},
  publisher={Springer}
}
@article{han2020randchain,
  title={RandChain: Decentralised Randomness Beacon from Sequential Proof-of-Work.},
  author={Han, Runchao and Yu, Jiangshan and Lin, Haoyu},
  journal={IACR Cryptol. ePrint Arch.},
  volume={2020},
  pages={1033},
  year={2020}
}
@article{lindell2020secure,
  title={Secure Multiparty Computation (MPC).},
  author={Lindell, Yehuda},
  journal={IACR Cryptol. ePrint Arch.},
  volume={2020},
  pages={300},
  year={2020}
}
@inproceedings{gilad2017algorand,
  title={Algorand: Scaling byzantine agreements for cryptocurrencies},
  author={Gilad, Yossi and Hemo, Rotem and Micali, Silvio and Vlachos, Georgios and Zeldovich, Nickolai},
  booktitle={Proceedings of the 26th Symposium on Operating Systems Principles},
  pages={51--68},
  year={2017}
}
@article{azouvi2018winning,
  title={Winning the caucus race: Continuous leader election via public randomness},
  author={Azouvi, Sarah and McCorry, Patrick and Meiklejohn, Sarah},
  journal={arXiv preprint arXiv:1801.07965},
  year={2018}
}
@inproceedings{kiayias2017ouroboros,
  title={Ouroboros: A provably secure proof-of-stake blockchain protocol},
  author={Kiayias, Aggelos and Russell, Alexander and David, Bernardo and Oliynykov, Roman},
  booktitle={Annual International Cryptology Conference},
  pages={357--388},
  year={2017},
  organization={Springer}
}
@inproceedings{david2018ouroboros,
  title={Ouroboros praos: An adaptively-secure, semi-synchronous proof-of-stake blockchain},
  author={David, Bernardo and Ga{\v{z}}i, Peter and Kiayias, Aggelos and Russell, Alexander},
  booktitle={Annual International Conference on the Theory and Applications of Cryptographic Techniques},
  pages={66--98},
  year={2018},
  organization={Springer}
}
@article{nakamoto2008bitcoin,
  title={Bitcoin: A peer-to-peer electronic cash system},
  author={Nakamoto, Satoshi},
  journal={Decentralized Business Review},
  pages={21260},
  year={2008}
}
@inproceedings{gkagol2019aleph,
  title={Aleph: Efficient atomic broadcast in asynchronous networks with byzantine nodes},
  author={G{\k{a}}gol, Adam and Le{\'s}niak, Damian and Straszak, Damian and {\'S}wi{\k{e}}tek, Micha{\l}},
  booktitle={Proceedings of the 1st ACM Conference on Advances in Financial Technologies},
  pages={214--228},
  year={2019}
}
@article{bunz2017proofs,
  title={Proofs-of-delay and randomness beacons in ethereum},
  author={B{\"u}nz, Benedikt and Goldfeder, Steven and Bonneau, Joseph},
  journal={IEEE Security and Privacy on the blockchain (IEEE S\&B)},
  year={2017}
}
@article{lenstra2015random,
  title={A random zoo: sloth, unicorn, and trx.},
  author={Lenstra, Arjen K and Wesolowski, Benjamin},
  journal={IACR Cryptol. ePrint Arch.},
  volume={2015},
  pages={366},
  year={2015}
}
@article{bentov2014proof,
  title={Proof of activity: Extending bitcoin's proof of work via proof of stake},
  author={Bentov, Iddo and Lee, Charles and Mizrahi, Alex and Rosenfeld, Meni},
  journal={ACM SIGMETRICS Performance Evaluation Review},
  volume={42},
  number={3},
  pages={34--37},
  year={2014},
  publisher={ACM New York, NY, USA}
}
@article{david2020economically,
  author    = {David Yakira and
               Avi Asayag and
               Ido Grayevsky and
               Idit Keidar},
  title     = {Economically Viable Randomness},
  journal   = {CoRR},
  volume    = {abs/2007.03531},
  year      = {2020},
  url       = {https://arxiv.org/abs/2007.03531},
  archivePrefix = {arXiv},
  eprint    = {2007.03531}
}
@article{youcai2017randao,
  title={Randao: Verifiable Random Number Generation},
  author={Youcai Qian},
  year      = {2017},
  url       = {https://randao.org/whitepaper/Randao_v0.85_en.pdf}
}
@inproceedings{miller2017zero,
  author={Miller, Andrew and Bentov, Iddo},
  booktitle={2017 IEEE European Symposium on Security and Privacy Workshops (EuroS PW)},
  title={Zero-Collateral Lotteries in Bitcoin and Ethereum},
  year={2017},
  volume={},
  number={},
  pages={4-13},
  doi={10.1109/EuroSPW.2017.44}
}
@inproceedings{andrychowicz2014secure,
  author={Andrychowicz, Marcin and Dziembowski, Stefan and Malinowski, Daniel and Mazurek, Lukasz},
  booktitle={2014 IEEE Symposium on Security and Privacy},
  title={Secure Multiparty Computations on Bitcoin},
  year={2014},
  volume={},
  number={},
  pages={443-458},
  doi={10.1109/SP.2014.35}
}
@misc{david2019rational,
  title={Rational Threshold Cryptosystems},
  author={David Yakira and Ido Grayevsky and Avi Asayag},
  year={2019},
  eprint={1901.01148},
  archivePrefix={arXiv},
  primaryClass={cs.CR}
}
@article{Chor1985VerifiableSS,
  title={Verifiable secret sharing and achieving simultaneity in the presence of faults},
  author={B. Chor and S. Goldwasser and S. Micali and B. Awerbuch},
  journal={26th Annual Symposium on Foundations of Computer Science (sfcs 1985)},
  year={1985},
  pages={383-395}
}
@inproceedings{mahmoody2013publicly,
  title={Publicly verifiable proofs of sequential work},
  author={Mahmoody, Mohammad and Moran, Tal and Vadhan, Salil},
  booktitle={Proceedings of the 4th conference on Innovations in Theoretical Computer Science},
  pages={373--388},
  year={2013}
}
@inproceedings{cohen2018simple,
  title={Simple proofs of sequential work},
  author={Cohen, Bram and Pietrzak, Krzysztof},
  booktitle={Annual International Conference on the Theory and Applications of Cryptographic Techniques},
  pages={451--467},
  year={2018},
  organization={Springer}
}
@inproceedings{pedersen1991non,
  title={Non-interactive and information-theoretic secure verifiable secret sharing},
  author={Pedersen, Torben Pryds},
  booktitle={Annual international cryptology conference},
  pages={129--140},
  year={1991},
  organization={Springer}
}
@inproceedings{amos1986prove,
  title={How to Prove Yourself: Practical Solutions to Identification and Signature Problems},
  booktitle={Advances in Cryptology - CRYPTO '86, Santa Barbara, California, USA, 1986, Proceedings},
  series={Lecture Notes in Computer Science},
  publisher={Springer},
  volume={263},
  pages={186-194},
  doi={10.1007/3-540-47721-7_12},
  author={Amos Fiat and Adi Shamir},
  year=1986
}
@inproceedings{cortier2013distributed,
  title={Distributed elgamal {\'a} la pedersen: application to helios},
  author={Cortier, V{\'e}ronique and Galindo, David and Glondu, St{\'e}phane and Izabachene, Malika},
  booktitle={Proceedings of the 12th ACM Workshop on Workshop on Privacy in the Electronic Society},
  pages={131--142},
  year={2013}
}
@inproceedings{garay2015bitcoin,
  title={The bitcoin backbone protocol: Analysis and applications},
  author={Garay, Juan and Kiayias, Aggelos and Leonardos, Nikos},
  booktitle={Annual international conference on the theory and applications of cryptographic techniques},
  pages={281--310},
  year={2015},
  organization={Springer}
}
@inproceedings{nguyen2019scalable,
  title={Scalable distributed random number generation based on homomorphic encryption},
  author={Nguyen-Van, Thanh and Nguyen-Anh, Tuan and Le, Tien-Dat and Nguyen-Ho, Minh-Phuoc and Nguyen-Van, Tuong and Le, Nhat-Quang and Nguyen-An, Khuong},
  booktitle={2019 IEEE International Conference on Blockchain (Blockchain)},
  pages={572--579},
  year={2019},
  organization={IEEE}
}
@inproceedings{cascudo2020albatross,
  title={Albatross: publicly attestable batched randomness based on secret sharing},
  author={Cascudo, Ignacio and David, Bernardo},
  booktitle={International Conference on the Theory and Application of Cryptology and Information Security},
  pages={311--341},
  year={2020},
  organization={Springer}
}
@misc{cascudomt,
    author       = {Ignacio Cascudo and
                    Bernardo David and
                    Omer Shlomovits and
                    Denis Varlakov},
    title        = {Mt. Random: Multi-Tiered Randomness Beacons},
    howpublished = {Cryptology ePrint Archive, Report 2021/1096},
    year         = {2021},
    note         = {\url{https://ia.cr/2021/1096}},
}
@inproceedings{boneh2001short,
  title={Short signatures from the Weil pairing},
  author={Boneh, Dan and Lynn, Ben and Shacham, Hovav},
  booktitle={International conference on the theory and application of cryptology and information security},
  pages={514--532},
  year={2001},
  organization={Springer}
}
@misc{drand,
  title = {Drand},
  howpublished = {\url{https://drand.love/}},
  note = {Accessed: 2021-09-20}
}
@inproceedings{fiat1986prove,
  title={How to prove yourself: Practical solutions to identification and signature problems},
  author={Fiat, Amos and Shamir, Adi},
  booktitle={Conference on the theory and application of cryptographic techniques},
  pages={186--194},
  year={1986},
  organization={Springer}
}
@inproceedings{chaum1992wallet,
  title={Wallet databases with observers},
  author={Chaum, David and Pedersen, Torben Pryds},
  booktitle={Annual international cryptology conference},
  pages={89--105},
  year={1992},
  organization={Springer}
}
@inproceedings{heidarvand2008public,
  title={Public verifiability from pairings in secret sharing schemes},
  author={Heidarvand, Somayeh and Villar, Jorge L},
  booktitle={International Workshop on Selected Areas in Cryptography},
  pages={294--308},
  year={2008},
  organization={Springer}
}
@article{guo2020secRand,  
    author={Guo, Zhaozhong and Shi, Liucheng and Xu, Maozhi},  
    journal={IEEE Access},   
    title={SecRand: A Secure Distributed Randomness Generation Protocol With High Practicality and Scalability},   
    year={2020},  
    volume={8},  
    number={},  
    pages={203917-203929},  
    doi={10.1109/ACCESS.2020.3036698}
}
@inproceedings{desmedt1990Threshold,
    author="Desmedt, Yvo and Frankel, Yair",
    title="Threshold cryptosystems",
    booktitle="Advances in Cryptology --- CRYPTO' 89 Proceedings",
    year="1990",
    publisher="Springer New York",
    address="New York, NY",
    pages="307--315",
    isbn="978-0-387-34805-6"
}
@article{rabin1983Rabin,
    title = {Transaction protection by beacons},
    journal = {Journal of Computer and System Sciences},
    volume = {27},
    number = {2},
    pages = {256-267},
    year = {1983},
    issn = {0022-0000},
    doi = {https://doi.org/10.1016/0022-0000(83)90042-9},
    url = {https://www.sciencedirect.com/science/article/pii/0022000083900429},
    author = {Michael O. Rabin}
}
@inproceedings{boneh2020single,
  title={Single secret leader election},
  author={Boneh, Dan and Eskandarian, Saba and Hanzlik, Lucjan and Greco, Nicola},
  booktitle={Proceedings of the 2nd ACM Conference on Advances in Financial Technologies},
  pages={12--24},
  year={2020}
}
@inproceedings{adida2008helios,
  title={Helios: Web-based Open-Audit Voting.},
  author={Adida, Ben},
  booktitle={USENIX security symposium},
  volume={17},
  pages={335--348},
  year={2008}
}
@article{baigneres2015trap,
  title={Trap Me If You Can-Million Dollar Curve.},
  author={Baigneres, Thomas and Delerabl{\'e}e, C{\'e}cile and Finiasz, Matthieu and Goubin, Louis and Lepoint, Tancrede and Rivain, Matthieu},
  journal={IACR Cryptol. ePrint Arch.},
  volume={2015},
  pages={1249},
  year={2015}
}
@article{al2017chainspace,
  title={Chainspace: A sharded smart contracts platform},
  author={Al-Bassam, Mustafa and Sonnino, Alberto and Bano, Shehar and Hrycyszyn, Dave and Danezis, George},
  journal={arXiv preprint arXiv:1708.03778},
  year={2017}
}
@inproceedings{kokoris2018omniledger,
  title={Omniledger: A secure, scale-out, decentralized ledger via sharding},
  author={Kokoris-Kogias, Eleftherios and Jovanovic, Philipp and Gasser, Linus and Gailly, Nicolas and Syta, Ewa and Ford, Bryan},
  booktitle={2018 IEEE Symposium on Security and Privacy (SP)},
  pages={583--598},
  year={2018},
  organization={IEEE}
}
@inproceedings{luu2016secure,
  title={A secure sharding protocol for open blockchains},
  author={Luu, Loi and Narayanan, Viswesh and Zheng, Chaodong and Baweja, Kunal and Gilbert, Seth and Saxena, Prateek},
  booktitle={Proceedings of the 2016 ACM SIGSAC Conference on Computer and Communications Security},
  pages={17--30},
  year={2016}
}
@article{rocket2018snowflake,
  title={Snowflake to avalanche: A novel metastable consensus protocol family for cryptocurrencies},
  author={Rocket, Team},
  journal={Available [online].[Accessed: 4-12-2018]},
  year={2018}
}
@inproceedings{fischer2011public,
  title={A public randomness service},
  author={Fischer, Michael J and Iorga, Michaela and Peralta, Ren{\'e}},
  booktitle={Proceedings of the International Conference on Security and Cryptography},
  pages={434--438},
  year={2011},
  organization={IEEE}
}
@article{clark2010use,
  title={On the Use of Financial Data as a Random Beacon.},
  author={Clark, Jeremy and Hengartner, Urs},
  journal={EVT/WOTE},
  volume={89},
  year={2010}
}
@article{blum1983coin,
  title={Coin flipping by telephone a protocol for solving impossible problems},
  author={Blum, Manuel},
  journal={ACM SIGACT News},
  volume={15},
  number={1},
  pages={23--27},
  year={1983},
  publisher={ACM New York, NY, USA}
}
@inproceedings{damgaard1998commitment,
  title={Commitment schemes and zero-knowledge protocols},
  author={Damg{\aa}rd, Ivan},
  booktitle={School organized by the European Educational Forum},
  pages={63--86},
  year={1998},
  organization={Springer}
}
@article{wood2014ethereum,
  title={Ethereum: A secure decentralised generalised transaction ledger},
  author={Wood, Gavin and others},
  journal={Ethereum project yellow paper},
  volume={151},
  number={2014},
  pages={1--32},
  year={2014}
}
@article{dwork1988consensus,
  title={Consensus in the presence of partial synchrony},
  author={Dwork, Cynthia and Lynch, Nancy and Stockmeyer, Larry},
  journal={Journal of the ACM (JACM)},
  volume={35},
  number={2},
  pages={288--323},
  year={1988},
  publisher={ACM New York, NY, USA}
}
@article{shamir1979share,
  title={How to share a secret},
  author={Shamir, Adi},
  journal={Communications of the ACM},
  volume={22},
  number={11},
  pages={612--613},
  year={1979},
  publisher={ACm New York, NY, USA}
}
@inproceedings{blakley1979safeguarding,
  title={Safeguarding cryptographic keys},
  author={Blakley, George Robert},
  booktitle={Managing Requirements Knowledge, International Workshop on},
  pages={313--313},
  year={1979},
  organization={IEEE Computer Society}
}
@inproceedings{bentov2014use,
  title={How to use bitcoin to design fair protocols},
  author={Bentov, Iddo and Kumaresan, Ranjit},
  booktitle={Annual Cryptology Conference},
  pages={421--439},
  year={2014},
  organization={Springer}
}
@article{haahr2010random,
  title={Random. org: True random number service},
  author={Haahr, Mads},
  journal={School of Computer Science and Statistics, Trinity College, Dublin, Ireland. Website (http://www. random. org). Accessed},
  volume={10},
  year={2010}
}
@inproceedings{bartoletti2017constant,
  title={Constant-deposit multiparty lotteries on Bitcoin},
  author={Bartoletti, Massimo and Zunino, Roberto},
  booktitle={International Conference on Financial Cryptography and Data Security},
  pages={231--247},
  year={2017},
  organization={Springer}
}
@inproceedings{andrychowicz2014fair,
  title={Fair two-party computations via bitcoin deposits},
  author={Andrychowicz, Marcin and Dziembowski, Stefan and Malinowski, Daniel and Mazurek, {\L}ukasz},
  booktitle={International Conference on Financial Cryptography and Data Security},
  pages={105--121},
  year={2014},
  organization={Springer}
}
@inproceedings{boldyreva2003threshold,
  title={Threshold signatures, multisignatures and blind signatures based on the gap-Diffie-Hellman-group signature scheme},
  author={Boldyreva, Alexandra},
  booktitle={International Workshop on Public Key Cryptography},
  pages={31--46},
  year={2003},
  organization={Springer}
}
@article{dolev2003nonmalleable,
  title={Nonmalleable cryptography},
  author={Dolev, Danny and Dwork, Cynthia and Naor, Moni},
  journal={SIAM review},
  volume={45},
  number={4},
  pages={727--784},
  year={2003},
  publisher={SIAM}
}
@article{bentov2016bitcoin,
  title={Bitcoin beacon},
  author={Bentov, Iddo and Gabizon, Ariel and Zuckerman, David},
  journal={arXiv preprint arXiv:1605.04559},
  year={2016}
}
@inproceedings{fouque2001threshold,
  title={Threshold cryptosystems secure against chosen-ciphertext attacks},
  author={Fouque, Pierre-Alain and Pointcheval, David},
  booktitle={International Conference on the Theory and Application of Cryptology and Information Security},
  pages={351--368},
  year={2001},
  organization={Springer}
}
@inproceedings{de1994share,
  title={How to share a function securely},
  author={De Santis, Alfredo and Desmedt, Yvo and Frankel, Yair and Yung, Moti},
  booktitle={Proceedings of the twenty-sixth annual ACM symposium on Theory of computing},
  pages={522--533},
  year={1994}
}