%% LaTeX2e file `Distributed-Randomness.bib'
%% generated by the `filecontents' environment
%% from source `Distributed-Randomness' on 2021/06/15.
%%
@article{boneh2018survey,
  title={A Survey of Two Verifiable Delay Functions.},
  author={Boneh, Dan and B{\"u}nz, Benedikt and Fisch, Ben},
  journal={IACR Cryptol. ePrint Arch.},
  volume={2018},
  pages={712},
  year={2018}
}
@inproceedings{boneh2018verifiable,
  title={Verifiable delay functions},
  author={Boneh, Dan and Bonneau, Joseph and B{\"u}nz, Benedikt and Fisch, Ben},
  booktitle={Annual international cryptology conference},
  pages={757--788},
  year={2018},
  organization={Springer}
}
@inproceedings{pietrzak2018simple,
  title={Simple verifiable delay functions},
  author={Pietrzak, Krzysztof},
  booktitle={10th innovations in theoretical computer science conference (itcs 2019)},
  year={2018},
  organization={Schloss Dagstuhl-Leibniz-Zentrum fuer Informatik}
}
@inproceedings{wesolowski2019efficient,
  title={Efficient verifiable delay functions},
  author={Wesolowski, Benjamin},
  booktitle={Annual International Conference on the Theory and Applications of Cryptographic Techniques},
  pages={379--407},
  year={2019},
  organization={Springer}
}
@article{rivest1996time,
  title={Time-lock puzzles and timed-release crypto},
  author={Rivest, Ronald L and Shamir, Adi and Wagner, David A},
  year={1996},
  publisher={Massachusetts Institute of Technology. Laboratory for Computer Science}
}
@inproceedings{feldman1987practical,
  title={A practical scheme for non-interactive verifiable secret sharing},
  author={Feldman, Paul},
  booktitle={28th Annual Symposium on Foundations of Computer Science (sfcs 1987)},
  pages={427--438},
  year={1987},
  organization={IEEE}
}
@inproceedings{pedersen1991threshold,
  title={A threshold cryptosystem without a trusted party},
  author={Pedersen, Torben Pryds},
  booktitle={Workshop on the Theory and Application of of Cryptographic Techniques},
  pages={522--526},
  year={1991},
  organization={Springer}
}
@inproceedings{gennaro1999secure,
  title={Secure distributed key generation for discrete-log based cryptosystems},
  author={Gennaro, Rosario and Jarecki, Stanis{\l}aw and Krawczyk, Hugo and Rabin, Tal},
  booktitle={International Conference on the Theory and Applications of Cryptographic Techniques},
  pages={295--310},
  year={1999},
  organization={Springer}
}
@article{gennaro3revisiting,
  title={Revisiting the distributed key generation for discrete-log based Cryptosystems},
  author={Gennaro, Rosario and Jarecki, Stanislaw and Krawczyk, Hugo and Rabin, Tal},
  journal={RSA Securityâ€™03}
}
@inproceedings{dodis2005verifiable,
  title={A verifiable random function with short proofs and keys},
  author={Dodis, Yevgeniy and Yampolskiy, Aleksandr},
  booktitle={International Workshop on Public Key Cryptography},
  pages={416--431},
  year={2005},
  organization={Springer}
}
@article{hanke2018dfinity,
  title={Dfinity technology overview series, consensus system},
  author={Hanke, Timo and Movahedi, Mahnush and Williams, Dominic},
  journal={arXiv preprint arXiv:1805.04548},
  year={2018}
}
@article{schindler2019ethdkg,
  title={ETHDKG: Distributed Key Generation with Ethereum Smart Contracts.},
  author={Schindler, Philipp and Judmayer, Aljosha and Stifter, Nicholas and Weippl, Edgar R},
  journal={IACR Cryptol. ePrint Arch.},
  volume={2019},
  pages={985},
  year={2019}
}
@inproceedings{schoenmakers1999simple,
  title={A simple publicly verifiable secret sharing scheme and its application to electronic voting},
  author={Schoenmakers, Berry},
  booktitle={Annual International Cryptology Conference},
  pages={148--164},
  year={1999},
  organization={Springer}
}
@inproceedings{syta2017scalable,
  title={Scalable bias-resistant distributed randomness},
  author={Syta, Ewa and Jovanovic, Philipp and Kogias, Eleftherios Kokoris and Gailly, Nicolas and Gasser, Linus and Khoffi, Ismail and Fischer, Michael J and Ford, Bryan},
  booktitle={2017 IEEE Symposium on Security and Privacy (SP)},
  pages={444--460},
  year={2017},
  organization={Ieee}
}
@inproceedings{cascudo2017scrape,
  title={SCRAPE: Scalable randomness attested by public entities},
  author={Cascudo, Ignacio and David, Bernardo},
  booktitle={International Conference on Applied Cryptography and Network Security},
  pages={537--556},
  year={2017},
  organization={Springer}
}
@inproceedings{schindler2020hydrand,
  title={Hydrand: Efficient continuous distributed randomness},
  author={Schindler, Philipp and Judmayer, Aljosha and Stifter, Nicholas and Weippl, Edgar},
  booktitle={2020 IEEE Symposium on Security and Privacy (SP)},
  pages={73--89},
  year={2020},
  organization={IEEE}
}
@inproceedings{kate2010constant,
  title={Constant-size commitments to polynomials and their applications},
  author={Kate, Aniket and Zaverucha, Gregory M and Goldberg, Ian},
  booktitle={International conference on the theory and application of cryptology and information security},
  pages={177--194},
  year={2010},
  organization={Springer}
}
@article{galindo2020fully,
  title={Fully Distributed Verifiable Random Functions and their Application to Decentralised Random Beacons.},
  author={Galindo, David and Liu, Jia and Ordean, Mihai and Wong, Jin-Mann},
  journal={IACR Cryptol. ePrint Arch.},
  volume={2020},
  pages={96},
  year={2020}
}
@inproceedings{boneh2000timed,
  title={Timed commitments},
  author={Boneh, Dan and Naor, Moni},
  booktitle={Annual international cryptology conference},
  pages={236--254},
  year={2000},
  organization={Springer}
}
@article{schindler2021randrunner,
  title={Randrunner: Distributed randomness from trapdoor vdfs with strong uniqueness},
  author={Schindler, Philipp and Judmayer, Aljosha and Hittmeir, Markus and Stifter, Nicholas and Weippl, Edgar},
  year={2021}
}
@article{bhatrandpiper,
  title={RandPiper--Reconfiguration-Friendly Random Beacons with Quadratic Communication},
  author={Bhat, Adithya and Shrestha, Nibesh and Kate, Aniket and Nayak, Kartik}
}
@article{bonneau2015bitcoin,
  title={On Bitcoin as a public randomness source.},
  author={Bonneau, Joseph and Clark, Jeremy and Goldfeder, Steven},
  journal={IACR Cryptol. ePrint Arch.},
  volume={2015},
  pages={1015},
  year={2015}
}
@article{cherniaeva2019homomorphic,
  title={Homomorphic Encryption Random Beacon.},
  author={Cherniaeva, Alisa and Shirobokov, Ilia and Shlomovits, Omer},
  journal={IACR Cryptol. ePrint Arch.},
  volume={2019},
  pages={1320},
  year={2019}
}
@article{das2021spurt,
  title={SPURT: Scalable Distributed Randomness Beacon with Transparent Setup.},
  author={Das, Sourav and Krishnan, Vinith and Isaac, Irene Miriam and Ren, Ling},
  journal={IACR Cryptol. ePrint Arch.},
  volume={2021},
  pages={100},
  year={2021}
}
@article{cachin2005random,
  title={Random oracles in Constantinople: Practical asynchronous Byzantine agreement using cryptography},
  author={Cachin, Christian and Kursawe, Klaus and Shoup, Victor},
  journal={Journal of Cryptology},
  volume={18},
  number={3},
  pages={219--246},
  year={2005},
  publisher={Springer}
}
@article{han2020randchain,
  title={RandChain: Decentralised Randomness Beacon from Sequential Proof-of-Work.},
  author={Han, Runchao and Yu, Jiangshan and Lin, Haoyu},
  journal={IACR Cryptol. ePrint Arch.},
  volume={2020},
  pages={1033},
  year={2020}
}
@article{lindell2020secure,
  title={Secure Multiparty Computation (MPC).},
  author={Lindell, Yehuda},
  journal={IACR Cryptol. ePrint Arch.},
  volume={2020},
  pages={300},
  year={2020}
}
@inproceedings{gilad2017algorand,
  title={Algorand: Scaling byzantine agreements for cryptocurrencies},
  author={Gilad, Yossi and Hemo, Rotem and Micali, Silvio and Vlachos, Georgios and Zeldovich, Nickolai},
  booktitle={Proceedings of the 26th Symposium on Operating Systems Principles},
  pages={51--68},
  year={2017}
}
@article{azouvi2018winning,
  title={Winning the caucus race: Continuous leader election via public randomness},
  author={Azouvi, Sarah and McCorry, Patrick and Meiklejohn, Sarah},
  journal={arXiv preprint arXiv:1801.07965},
  year={2018}
}
@inproceedings{kiayias2017ouroboros,
  title={Ouroboros: A provably secure proof-of-stake blockchain protocol},
  author={Kiayias, Aggelos and Russell, Alexander and David, Bernardo and Oliynykov, Roman},
  booktitle={Annual International Cryptology Conference},
  pages={357--388},
  year={2017},
  organization={Springer}
}
@inproceedings{david2018ouroboros,
  title={Ouroboros praos: An adaptively-secure, semi-synchronous proof-of-stake blockchain},
  author={David, Bernardo and Ga{\v{z}}i, Peter and Kiayias, Aggelos and Russell, Alexander},
  booktitle={Annual International Conference on the Theory and Applications of Cryptographic Techniques},
  pages={66--98},
  year={2018},
  organization={Springer}
}
@techreport{nakamoto2019bitcoin,
  title={Bitcoin: A peer-to-peer electronic cash system},
  author={Nakamoto, Satoshi},
  year={2019},
  institution={Manubot}
}
@inproceedings{gkagol2019aleph,
  title={Aleph: Efficient atomic broadcast in asynchronous networks with byzantine nodes},
  author={G{\k{a}}gol, Adam and Le{\'s}niak, Damian and Straszak, Damian and {\'S}wi{\k{e}}tek, Micha{\l}},
  booktitle={Proceedings of the 1st ACM Conference on Advances in Financial Technologies},
  pages={214--228},
  year={2019}
}
@article{bunz2017proofs,
  title={Proofs-of-delay and randomness beacons in ethereum},
  author={B{\"u}nz, Benedikt and Goldfeder, Steven and Bonneau, Joseph},
  journal={IEEE Security and Privacy on the blockchain (IEEE S\&B)},
  year={2017}
}
@article{lenstra2015random,
  title={A random zoo: sloth, unicorn, and trx.},
  author={Lenstra, Arjen K and Wesolowski, Benjamin},
  journal={IACR Cryptol. ePrint Arch.},
  volume={2015},
  pages={366},
  year={2015}
}
